@article{Zhuang2009,
 author = {Zhuang, Li and Zhou, Feng and Tygar, J. D.},
 title = {Keyboard Acoustic Emanations Revisited},
 journal = {ACM Trans. Inf. Syst. Secur.},
 year = {2009},
}

@INPROCEEDINGS{Berger2006,
    author = {Yigael Berger and Avishai Wool and Arie Yeredor},
    title = {Dictionary Attacks Using Keyboard Acoustic Emanations},
    booktitle = {In Proceedings of Computer and Communications Security (CCS},
    year = {2006}
}

@inproceedings{Asonov2004,
  author    = {Dmitri Asonov and
               Rakesh Agrawal},
  title     = {Keyboard Acoustic Emanations},
  booktitle = {IEEE Symposium on Security and Privacy},
  year      = {2004},
}

@inproceedings{Marquardt2011,
 author = {Marquardt, Philip and Verma, Arunabh and Carter, Henry and Traynor, Patrick},
 title = {(Sp)iPhone: Decoding Vibrations from Nearby Keyboards Using Mobile Phone Accelerometers},
 series = {CCS '11},
 publisher = {ACM},
}