@inproceedings{spiphone,
  title={(sp) iPhone: decoding vibrations from nearby keyboards using mobile
phone accelerometers},
  author={Marquardt, Philip and Verma, Arunabh and Carter, Henry and Traynor,
Patrick},
  booktitle={Proceedings of the 18th ACM conference on Computer and
communications security},
  year={2011},
  organization={ACM}
}

@article{cheng2007mobile,
  title={Mobile malware: Threats and prevention},
  author={Cheng, Zhu},
  journal={McAfee Avert},
  year={2007}
}

@article{dagon2004mobile,
  title={Mobile phones as computing devices: The viruses are coming!},
  author={Dagon, David and Martin, Tom and Starner, Thad},
  journal={Pervasive Computing, IEEE},
  year={2004},
  publisher={IEEE}
}

@inproceedings{enck2010taintdroid,
  title={TaintDroid: An Information-Flow Tracking System for Realtime Privacy
 Monitoring on Smartphones.},
  author={Enck, William and Gilbert, Peter and Chun, Byung-Gon and Cox, Landon
 P and Jung, Jaeyeon and McDaniel, Patrick and Sheth, Anmol},
  booktitle={OSDI},
  year={2010}
}

@inproceedings{egele2011pios,
  title={PiOS: Detecting Privacy Leaks in iOS Applications.},
  author={Egele, Manuel and Kruegel, Christopher and Kirda, Engin and Vigna,
 Giovanni},
  booktitle={NDSS},
  year={2011}
}

@inproceedings{cai2009defending,
  title={Defending against sensor-sniffing attacks on mobile phones},
  author={Cai, Liang and Machiraju, Sridhar and Chen, Hao},
  booktitle={Proceedings of the 1st ACM workshop on Networking, systems, and
 applications for mobile handhelds},
  pages={31--36},
  year={2009},
  organization={ACM}
}